% This file was created with JabRef 2.6.
% Encoding: Cp1252

@ARTICLE{Koehler09,
  author = {Patrick Köhler},
  title = {Proseminar: Autonome mobile Roboter},
  journal = {Technische Universität Chemnitz},
  year = {2009},
  note = {Zugriffsdatum: 16.05.2011},
  owner = {Alexander_Miller},
  timestamp = {2010.11.03},
  url = {http://www-user.tu-chemnitz.de/~stj/lehre/prosem09/autorobo.pdf}
}

@BOOK{Siegwart,
  title = {Introduction to Autonomous Mobile Robots (Intelligent Robotics and
	Autonomous Agents series)},
  publisher = {The MIT Press},
  year = {2004},
  author = {Roland Siegwart and Illah R. Nourbakhsh},
  timestamp = {2011.05.16}
}

