% This file was created with JabRef 2.6.
% Encoding: Cp1252

@BOOK{Schäfer2003,
  title = {Netzsicherheit},
  publisher = {dpunkt Verlag},
  year = {2003},
  author = {Günter Schäfer},
  timestamp = {2010.05.25}
}

